<record><leader>00000cas a2200000 a 4500</leader><controlfield tag="001">19044759</controlfield><controlfield tag="008">890120c19869999azuwr ne      0   a0eng d</controlfield><datafield ind1=" " ind2=" " tag="010"><subfield code="a">sn 95060511 </subfield></datafield><datafield ind1=" " ind2=" " tag="040"><subfield code="a">MSA</subfield><subfield code="b">eng</subfield><subfield code="c">MSA</subfield><subfield code="d">ANN</subfield><subfield code="d">OCLCQ</subfield><subfield code="d">OCLCF</subfield><subfield code="d">OCLCO</subfield></datafield><datafield ind1="1" ind2=" " tag="029"><subfield code="a">AU@</subfield><subfield code="b">000011526795</subfield></datafield><datafield ind1=" " ind2=" " tag="037"><subfield code="b">Independent Newspapers, 325 E. Elliot, Ste. 21, Chandler, AZ 85225</subfield></datafield><datafield ind1=" " ind2=" " tag="042"><subfield code="a">msc</subfield></datafield><datafield ind1=" " ind2=" " tag="043"><subfield code="a">n-us-az</subfield></datafield><datafield ind1=" " ind2=" " tag="092"><subfield code="a">071</subfield></datafield><datafield ind1="0" ind2="0" tag="245"><subfield code="a">Chandler independent.</subfield></datafield><datafield ind1="1" ind2="3" tag="246"><subfield code="a">Chandler/Sun Lakes independent</subfield></datafield><datafield ind1="1" ind2="7" tag="246"><subfield code="a">Independent</subfield></datafield><datafield ind1=" " ind2=" " tag="260"><subfield code="a">Chandler, Ariz. :</subfield><subfield code="b">Independent Newspapers, Inc.</subfield></datafield><datafield ind1=" " ind2=" " tag="300"><subfield code="a">v. :</subfield><subfield code="b">ill. ;</subfield><subfield code="c">57 cm.</subfield></datafield><datafield ind1=" " ind2=" " tag="310"><subfield code="a">Weekly</subfield></datafield><datafield ind1="0" ind2=" " tag="362"><subfield code="a">Vol. 1, no. 1 (Feb. 5-11, 1986)-</subfield></datafield><datafield ind1=" " ind2=" " tag="588"><subfield code="a">Description based on: Vol. 3, no. 50 (Jan. 18-24, 1989).</subfield></datafield><datafield ind1=" " ind2="0" tag="651"><subfield code="a">Chandler (Ariz.)</subfield><subfield code="v">Newspapers.</subfield></datafield><datafield ind1=" " ind2="0" tag="651"><subfield code="a">Maricopa County (Ariz.)</subfield><subfield code="v">Newspapers.</subfield></datafield><datafield ind1=" " ind2="7" tag="655"><subfield code="a">Newspapers.</subfield><subfield code="2">fast</subfield><subfield code="0">(OCoLC)fst01423814</subfield></datafield><datafield ind1=" " ind2="7" tag="651"><subfield code="a">Arizona</subfield><subfield code="z">Chandler.</subfield><subfield code="2">fast</subfield><subfield code="0">(OCoLC)fst01271505</subfield></datafield><datafield ind1=" " ind2="7" tag="651"><subfield code="a">Arizona</subfield><subfield code="z">Maricopa County.</subfield><subfield code="2">fast</subfield><subfield code="0">(OCoLC)fst01217111</subfield></datafield><datafield ind1=" " ind2=" " tag="752"><subfield code="a">United States</subfield><subfield code="b">Arizona</subfield><subfield code="c">Maricopa</subfield><subfield code="d">Chandler.</subfield></datafield><datafield ind1="0" ind2=" " tag="775"><subfield code="t">Sun Lakes independent</subfield><subfield code="w">(DLC)sn2001060152</subfield></datafield><datafield ind1="0" ind2=" " tag="775"><subfield code="t">Gilbert independent</subfield><subfield code="w">(DLC)sn 95060647</subfield></datafield></record>